<?xml version="1.0" encoding="UTF-8"?><collection xmlns="http://www.loc.gov/MARC21/slim"><record><leader>00422nam--2200145-i-4500</leader><controlfield tag="001">000010825</controlfield><controlfield tag="002">20161230</controlfield><controlfield tag="005">20170123170727</controlfield><controlfield tag="008">060222s1000------------r-----000-0-eng-d</controlfield><datafield ind1=" " ind2=" " tag="080"><subfield code="a">541.124</subfield></datafield><datafield ind1=" " ind2=" " tag="245"><subfield code="a">Comprehensive chemical kinetics. Addition and elimination reactions of aliphatic compounds</subfield></datafield><datafield ind1=" " ind2=" " tag="260"><subfield code="a">Amsterdam</subfield><subfield code="b">Elsevier Publ.Co</subfield><subfield code="c">1972</subfield></datafield><datafield ind1=" " ind2=" " tag="700"><subfield code="a">Tipper, C. F. H</subfield></datafield><datafield ind1=" " ind2=" " tag="852"><subfield code="a">37653</subfield></datafield><datafield ind1=" " ind2=" " tag="CAT"><subfield code="a">SYS</subfield><subfield code="c">20170123</subfield><subfield code="h">170727</subfield></datafield></record></collection>